<record><leader>01318nas a2200397I  4500</leader><controlfield tag="001">000056542</controlfield><controlfield tag="003">MiAaHDL</controlfield><controlfield tag="005">20220217000000.0</controlfield><controlfield tag="006">m        d        </controlfield><controlfield tag="007">cr bn ---auaua</controlfield><controlfield tag="008">860602d19uu19uuoncuu         0    0eng  </controlfield><datafield tag="010" ind1=" " ind2=" "><subfield code="a">65076317</subfield></datafield><datafield tag="035" ind1=" " ind2=" "><subfield code="a">sdr-osu.b33985133</subfield></datafield><datafield tag="035" ind1=" " ind2=" "><subfield code="a">sdr-umn000917589</subfield></datafield><datafield tag="035" ind1=" " ind2=" "><subfield code="a">sdr-miu.990000565420106381</subfield></datafield><datafield tag="035" ind1=" " ind2=" "><subfield code="a">sdr-coo1894916</subfield></datafield><datafield tag="035" ind1=" " ind2=" "><subfield code="a">0396877</subfield></datafield><datafield tag="040" ind1=" " ind2=" "><subfield code="a">DLC</subfield><subfield code="c">MUU</subfield><subfield code="d">MUU</subfield></datafield><datafield tag="050" ind1=" " ind2="0"><subfield code="a">S954.O5</subfield><subfield code="b">A3</subfield></datafield><datafield tag="090" ind1="0" ind2="0"><subfield code="a">S954.O5</subfield><subfield code="b">A2</subfield></datafield><datafield tag="090" ind1=" " ind2=" "><subfield code="a">S954.O5</subfield><subfield code="b">A2</subfield></datafield><datafield tag="035" ind1=" " ind2=" "><subfield code="a">(OCoLC)13674085</subfield></datafield><datafield tag="035" ind1=" " ind2=" "><subfield code="a">(OCoLC)26827959</subfield></datafield><datafield tag="035" ind1=" " ind2=" "><subfield code="a">(OCoLC)213809983</subfield></datafield><datafield tag="035" ind1=" " ind2=" "><subfield code="a">(OCoLC)32560474</subfield></datafield><datafield tag="035" ind1=" " ind2=" "><subfield code="a">(OCoLC)1716038</subfield></datafield><datafield tag="110" ind1="1" ind2=" "><subfield code="a">Ontario.</subfield><subfield code="b">Department of Lands and Forests.</subfield></datafield><datafield tag="245" ind1="0" ind2="0"><subfield code="a">Research report.</subfield></datafield><datafield tag="260" ind1=" " ind2=" "><subfield code="a">[Toronto?]</subfield></datafield><datafield tag="300" ind1=" " ind2=" "><subfield code="a">v.</subfield><subfield code="b">ill.</subfield><subfield code="c">25-28 cm.</subfield></datafield><datafield tag="500" ind1=" " ind2=" "><subfield code="a">No.      issued as the Department's Technical series.</subfield></datafield><datafield tag="538" ind1=" " ind2=" "><subfield code="a">Mode of access: Internet.</subfield></datafield><datafield tag="550" ind1=" " ind2=" "><subfield code="a">No.    -40 issued by the Department's Division of Research; no. 41-    by its Research Branch.</subfield></datafield><datafield tag="650" ind1=" " ind2="0"><subfield code="a">Land use</subfield><subfield code="z">Ontario.</subfield></datafield><datafield tag="650" ind1=" " ind2="0"><subfield code="a">Land research.</subfield></datafield><datafield tag="CID" ind1=" " ind2=" "><subfield code="a">000056542</subfield></datafield><datafield tag="DAT" ind1="0" ind2=" "><subfield code="a">20181023000000.0</subfield><subfield code="b">20220217000000.0</subfield></datafield><datafield tag="DAT" ind1="1" ind2=" "><subfield code="a">20220217161535.0</subfield><subfield code="b">2022-02-18T06:27:48Z</subfield></datafield><datafield tag="DAT" ind1="2" ind2=" "><subfield code="a">2018-12-22T19:00:03Z</subfield><subfield code="b">2022-02-15T22:30:02Z</subfield></datafield><datafield tag="CAT" ind1=" " ind2=" "><subfield code="a">SDR-OSU</subfield><subfield code="d">III - SIERRA</subfield><subfield code="l">prepare.pl-004-008</subfield></datafield><datafield tag="FMT" ind1=" " ind2=" "><subfield code="a">SE</subfield></datafield><datafield tag="HOL" ind1=" " ind2=" "><subfield code="0">sdr-osu.b33985133</subfield><subfield code="a">osu</subfield><subfield code="b">SDR</subfield><subfield code="c">OSU</subfield><subfield code="p">osu.32435030287437</subfield><subfield code="s">OU</subfield><subfield code="z">NO51 1964</subfield><subfield code="1">.b33985133</subfield></datafield><datafield tag="974" ind1=" " ind2=" "><subfield code="b">OU</subfield><subfield code="c">OSU</subfield><subfield code="d">20220218</subfield><subfield code="s">google</subfield><subfield code="u">osu.32435030287437</subfield><subfield code="z">NO51 1964</subfield><subfield code="y">1964</subfield><subfield code="r">ic</subfield><subfield code="q">bib</subfield><subfield code="t">non-US serial item date &gt;= 1927</subfield></datafield><datafield tag="974" ind1=" " ind2=" "><subfield code="b">OU</subfield><subfield code="c">OSU</subfield><subfield code="d">20220218</subfield><subfield code="s">google</subfield><subfield code="u">osu.32435030287411</subfield><subfield code="z">NO56 1964</subfield><subfield code="y">1964</subfield><subfield code="r">ic</subfield><subfield code="q">bib</subfield><subfield code="t">non-US serial item date &gt;= 1927</subfield></datafield><datafield tag="974" ind1=" " ind2=" "><subfield code="b">OU</subfield><subfield code="c">OSU</subfield><subfield code="d">20220218</subfield><subfield code="s">google</subfield><subfield code="u">osu.32435030287403</subfield><subfield code="z">NO58 1964</subfield><subfield code="y">1964</subfield><subfield code="r">ic</subfield><subfield code="q">bib</subfield><subfield code="t">non-US serial item date &gt;= 1927</subfield></datafield><datafield tag="974" ind1=" " ind2=" "><subfield code="b">OU</subfield><subfield code="c">OSU</subfield><subfield code="d">20220218</subfield><subfield code="s">google</subfield><subfield code="u">osu.32435030287395</subfield><subfield code="z">NO60 1965</subfield><subfield code="y">1965</subfield><subfield code="r">ic</subfield><subfield code="q">bib</subfield><subfield code="t">non-US serial item date &gt;= 1927</subfield></datafield><datafield tag="974" ind1=" " ind2=" "><subfield code="b">UMN</subfield><subfield code="c">UMN</subfield><subfield code="d">20220331</subfield><subfield code="s">google</subfield><subfield code="u">umn.31951d00303193i</subfield><subfield code="z">no.88 (1969)</subfield><subfield code="y">1969</subfield><subfield code="r">ic</subfield><subfield code="q">bib</subfield><subfield code="t">non-US serial item date &gt;= 1927</subfield></datafield><datafield tag="974" ind1=" " ind2=" "><subfield code="b">UMN</subfield><subfield code="c">UMN</subfield><subfield code="d">20220331</subfield><subfield code="s">google</subfield><subfield code="u">umn.31951d00303194g</subfield><subfield code="z">no.86 (1969)</subfield><subfield code="y">1969</subfield><subfield code="r">ic</subfield><subfield code="q">bib</subfield><subfield code="t">non-US serial item date &gt;= 1927</subfield></datafield><datafield tag="974" ind1=" " ind2=" "><subfield code="b">UMN</subfield><subfield code="c">UMN</subfield><subfield code="d">20220331</subfield><subfield code="s">google</subfield><subfield code="u">umn.31951d00303195e</subfield><subfield code="z">no.84 (1968)</subfield><subfield code="y">1968</subfield><subfield code="r">ic</subfield><subfield code="q">bib</subfield><subfield code="t">non-US serial item date &gt;= 1927</subfield></datafield><datafield tag="974" ind1=" " ind2=" "><subfield code="b">UMN</subfield><subfield code="c">UMN</subfield><subfield code="d">20220218</subfield><subfield code="s">google</subfield><subfield code="u">umn.31951d003034669</subfield><subfield code="z">no.20-31:msg.no.21,30 (1949-55)</subfield><subfield code="y">1955</subfield><subfield code="r">ic</subfield><subfield code="q">bib</subfield><subfield code="t">non-US serial item date &gt;= 1927</subfield></datafield><datafield tag="974" ind1=" " ind2=" "><subfield code="b">UMN</subfield><subfield code="c">UMN</subfield><subfield code="d">20220402</subfield><subfield code="s">google</subfield><subfield code="u">umn.31951d00406484l</subfield><subfield code="z">no.44-52 (1961-64)</subfield><subfield code="y">1964</subfield><subfield code="r">ic</subfield><subfield code="q">bib</subfield><subfield code="t">non-US serial item date &gt;= 1927</subfield></datafield><datafield tag="974" ind1=" " ind2=" "><subfield code="b">UMN</subfield><subfield code="c">UMN</subfield><subfield code="d">20220402</subfield><subfield code="s">google</subfield><subfield code="u">umn.31951d00406486h</subfield><subfield code="z">no.33-43 (1955-60)</subfield><subfield code="y">1960</subfield><subfield code="r">ic</subfield><subfield code="q">bib</subfield><subfield code="t">non-US serial item date &gt;= 1927</subfield></datafield><datafield tag="974" ind1=" " ind2=" "><subfield code="b">UMN</subfield><subfield code="c">UMN</subfield><subfield code="d">20220404</subfield><subfield code="s">google</subfield><subfield code="u">umn.31951p00118983w</subfield><subfield code="z">no.54-62 (1964-65)</subfield><subfield code="y">1965</subfield><subfield code="r">ic</subfield><subfield code="q">bib</subfield><subfield code="t">non-US serial item date &gt;= 1927</subfield></datafield><datafield tag="974" ind1=" " ind2=" "><subfield code="b">UMN</subfield><subfield code="c">UMN</subfield><subfield code="d">20220404</subfield><subfield code="s">google</subfield><subfield code="u">umn.31951p00118985s</subfield><subfield code="z">no.93-95 (1973-74)</subfield><subfield code="y">1974</subfield><subfield code="r">ic</subfield><subfield code="q">bib</subfield><subfield code="t">non-US serial item date &gt;= 1927</subfield></datafield><datafield tag="974" ind1=" " ind2=" "><subfield code="b">UMN</subfield><subfield code="c">UMN</subfield><subfield code="d">20220405</subfield><subfield code="s">google</subfield><subfield code="u">umn.31951p00459272f</subfield><subfield code="z">no.85 (1968)</subfield><subfield code="y">1968</subfield><subfield code="r">ic</subfield><subfield code="q">bib</subfield><subfield code="t">non-US serial item date &gt;= 1927</subfield></datafield><datafield tag="974" ind1=" " ind2=" "><subfield code="b">UMN</subfield><subfield code="c">UMN</subfield><subfield code="d">20220404</subfield><subfield code="s">google</subfield><subfield code="u">umn.31951d033990059</subfield><subfield code="z">no.64-74:msg.no.67,69,72 (1965-67)</subfield><subfield code="y">1967</subfield><subfield code="r">ic</subfield><subfield code="q">bib</subfield><subfield code="t">non-US serial item date &gt;= 1927</subfield></datafield><datafield tag="974" ind1=" " ind2=" "><subfield code="b">MIU</subfield><subfield code="c">MIU</subfield><subfield code="d">20210930</subfield><subfield code="s">google</subfield><subfield code="u">mdp.39015006878634</subfield><subfield code="z">no.7 1946</subfield><subfield code="y">1946</subfield><subfield code="r">ic</subfield><subfield code="q">bib</subfield><subfield code="t">non-US serial item date &gt;= 1927</subfield></datafield><datafield tag="974" ind1=" " ind2=" "><subfield code="b">MIU</subfield><subfield code="c">MIU</subfield><subfield code="d">20210924</subfield><subfield code="s">google</subfield><subfield code="u">mdp.39015006878642</subfield><subfield code="z">no.10 1946</subfield><subfield code="y">1946</subfield><subfield code="r">ic</subfield><subfield code="q">bib</subfield><subfield code="t">non-US serial item date &gt;= 1927</subfield></datafield><datafield tag="974" ind1=" " ind2=" "><subfield code="b">MIU</subfield><subfield code="c">MIU</subfield><subfield code="d">20210926</subfield><subfield code="s">google</subfield><subfield code="u">mdp.39015006878659</subfield><subfield code="z">no.14 1947</subfield><subfield code="y">1947</subfield><subfield code="r">ic</subfield><subfield code="q">bib</subfield><subfield code="t">non-US serial item date &gt;= 1927</subfield></datafield><datafield tag="974" ind1=" " ind2=" "><subfield code="b">MIU</subfield><subfield code="c">MIU</subfield><subfield code="d">20210927</subfield><subfield code="s">google</subfield><subfield code="u">mdp.39015006878667</subfield><subfield code="z">no.16 1947</subfield><subfield code="y">1947</subfield><subfield code="r">ic</subfield><subfield code="q">bib</subfield><subfield code="t">non-US serial item date &gt;= 1927</subfield></datafield><datafield tag="974" ind1=" " ind2=" "><subfield code="b">MIU</subfield><subfield code="c">MIU</subfield><subfield code="d">20210928</subfield><subfield code="s">google</subfield><subfield code="u">mdp.39015006878675</subfield><subfield code="z">no.19 1949</subfield><subfield code="y">1949</subfield><subfield code="r">ic</subfield><subfield code="q">bib</subfield><subfield code="t">non-US serial item date &gt;= 1927</subfield></datafield><datafield tag="974" ind1=" " ind2=" "><subfield code="b">MIU</subfield><subfield code="c">MIU</subfield><subfield code="d">20210908</subfield><subfield code="s">google</subfield><subfield code="u">mdp.39015006878683</subfield><subfield code="z">no.22 1951</subfield><subfield code="y">1951</subfield><subfield code="r">ic</subfield><subfield code="q">bib</subfield><subfield code="t">non-US serial item date &gt;= 1927</subfield></datafield><datafield tag="974" ind1=" " ind2=" "><subfield code="b">MIU</subfield><subfield code="c">MIU</subfield><subfield code="d">20210924</subfield><subfield code="s">google</subfield><subfield code="u">mdp.39015006878709</subfield><subfield code="z">no.24 1952</subfield><subfield code="y">1952</subfield><subfield code="r">ic</subfield><subfield code="q">bib</subfield><subfield code="t">non-US serial item date &gt;= 1927</subfield></datafield><datafield tag="974" ind1=" " ind2=" "><subfield code="b">MIU</subfield><subfield code="c">MIU</subfield><subfield code="d">20210924</subfield><subfield code="s">google</subfield><subfield code="u">mdp.39015006881307</subfield><subfield code="z">no.28 1954</subfield><subfield code="y">1954</subfield><subfield code="r">ic</subfield><subfield code="q">bib</subfield><subfield code="t">non-US serial item date &gt;= 1927</subfield></datafield><datafield tag="974" ind1=" " ind2=" "><subfield code="b">MIU</subfield><subfield code="c">MIU</subfield><subfield code="d">20210924</subfield><subfield code="s">google</subfield><subfield code="u">mdp.39015006881331</subfield><subfield code="z">no.35 1956</subfield><subfield code="y">1956</subfield><subfield code="r">ic</subfield><subfield code="q">bib</subfield><subfield code="t">non-US serial item date &gt;= 1927</subfield></datafield><datafield tag="974" ind1=" " ind2=" "><subfield code="b">MIU</subfield><subfield code="c">MIU</subfield><subfield code="d">20210927</subfield><subfield code="s">google</subfield><subfield code="u">mdp.39015006881349</subfield><subfield code="z">no.36 1957</subfield><subfield code="y">1957</subfield><subfield code="r">ic</subfield><subfield code="q">bib</subfield><subfield code="t">non-US serial item date &gt;= 1927</subfield></datafield><datafield tag="974" ind1=" " ind2=" "><subfield code="b">MIU</subfield><subfield code="c">MIU</subfield><subfield code="d">20210926</subfield><subfield code="s">google</subfield><subfield code="u">mdp.39015006881463</subfield><subfield code="z">no.80 1967</subfield><subfield code="y">1967</subfield><subfield code="r">ic</subfield><subfield code="q">bib</subfield><subfield code="t">non-US serial item date &gt;= 1927</subfield></datafield><datafield tag="974" ind1=" " ind2=" "><subfield code="b">MIU</subfield><subfield code="c">MIU</subfield><subfield code="d">20210927</subfield><subfield code="s">google</subfield><subfield code="u">mdp.39015006881372</subfield><subfield code="z">no.46 1961</subfield><subfield code="y">1961</subfield><subfield code="r">ic</subfield><subfield code="q">bib</subfield><subfield code="t">non-US serial item date &gt;= 1927</subfield></datafield><datafield tag="974" ind1=" " ind2=" "><subfield code="b">COO</subfield><subfield code="c">COO</subfield><subfield code="d">20220215</subfield><subfield code="s">google</subfield><subfield code="u">coo.31924067228225</subfield><subfield code="z">no.36-45</subfield><subfield code="y">1999</subfield><subfield code="r">und</subfield><subfield code="q">bib</subfield><subfield code="t">non-US bib date1 &gt;= 1927</subfield></datafield><datafield tag="974" ind1=" " ind2=" "><subfield code="b">COO</subfield><subfield code="c">COO</subfield><subfield code="d">20220215</subfield><subfield code="s">google</subfield><subfield code="u">coo.31924067243950</subfield><subfield code="z">no.23-34 Inc.</subfield><subfield code="y">1999</subfield><subfield code="r">und</subfield><subfield code="q">bib</subfield><subfield code="t">non-US bib date1 &gt;= 1927</subfield></datafield><datafield tag="974" ind1=" " ind2=" "><subfield code="b">COO</subfield><subfield code="c">COO</subfield><subfield code="d">20220215</subfield><subfield code="s">google</subfield><subfield code="u">coo.31924067243968</subfield><subfield code="z">no.35</subfield><subfield code="y">1999</subfield><subfield code="r">und</subfield><subfield code="q">bib</subfield><subfield code="t">non-US bib date1 &gt;= 1927</subfield></datafield><datafield tag="974" ind1=" " ind2=" "><subfield code="b">COO</subfield><subfield code="c">COO</subfield><subfield code="d">20220215</subfield><subfield code="s">google</subfield><subfield code="u">coo.31924069193757</subfield><subfield code="z">no.46-48</subfield><subfield code="y">1999</subfield><subfield code="r">und</subfield><subfield code="q">bib</subfield><subfield code="t">non-US bib date1 &gt;= 1927</subfield></datafield><datafield tag="974" ind1=" " ind2=" "><subfield code="b">COO</subfield><subfield code="c">COO</subfield><subfield code="d">20220215</subfield><subfield code="s">google</subfield><subfield code="u">coo.31924069193781</subfield><subfield code="z">no.61-70</subfield><subfield code="y">1999</subfield><subfield code="r">und</subfield><subfield code="q">bib</subfield><subfield code="t">non-US bib date1 &gt;= 1927</subfield></datafield><datafield tag="974" ind1=" " ind2=" "><subfield code="b">COO</subfield><subfield code="c">COO</subfield><subfield code="d">20220215</subfield><subfield code="s">google</subfield><subfield code="u">coo.31924069193799</subfield><subfield code="z">no.71-80</subfield><subfield code="y">1999</subfield><subfield code="r">und</subfield><subfield code="q">bib</subfield><subfield code="t">non-US bib date1 &gt;= 1927</subfield></datafield><datafield tag="974" ind1=" " ind2=" "><subfield code="b">COO</subfield><subfield code="c">COO</subfield><subfield code="d">20220215</subfield><subfield code="s">google</subfield><subfield code="u">coo.31924069193807</subfield><subfield code="z">no.81-90</subfield><subfield code="y">1999</subfield><subfield code="r">und</subfield><subfield code="q">bib</subfield><subfield code="t">non-US bib date1 &gt;= 1927</subfield></datafield></record>